<?xml version="1.0" encoding="UTF-8"?><record xmlns="http://www.loc.gov/MARC21/slim" xmlns:cinclude="http://apache.org/cocoon/include/1.0" xmlns:zs="http://www.loc.gov/zing/srw/">
  <leader>00567nz  a2200145n  4500</leader>
  <controlfield tag="001">no2006077151</controlfield>
  <controlfield tag="003">DLC</controlfield>
  <controlfield tag="005">20060726051829.0</controlfield>
  <controlfield tag="008">060725n| acannaabn          |a ana     c</controlfield>
  <datafield tag="010" ind1=" " ind2=" ">
    <subfield code="a">no2006077151</subfield>
  </datafield>
  <datafield tag="035" ind1=" " ind2=" ">
    <subfield code="a">(OCoLC)oca07004629</subfield>
  </datafield>
  <datafield tag="040" ind1=" " ind2=" ">
    <subfield code="a">DLC-S</subfield>
    <subfield code="b">eng</subfield>
    <subfield code="c">DLC-S</subfield>
  </datafield>
  <datafield tag="130" ind1=" " ind2="0">
    <subfield code="a">Transactions of the Wisconsin State Medical Society</subfield>
  </datafield>
  <datafield tag="410" ind1="2" ind2=" ">
    <subfield code="a">State Medical Society of Wisconsin.</subfield>
    <subfield code="t">Transactions of the Wisconsin State Medical Society</subfield>
  </datafield>
  <datafield tag="670" ind1=" " ind2=" ">
    <subfield code="a">Senn, Nicholas, 1844-1908. Medical legislation, 1879:</subfield>
    <subfield code="b">t.p. (Reprint from the Transactions of the Wisconsin State Medical Society)</subfield>
  </datafield>
</record>